% Encoding: UTF-8

@Article{KB09,
  author  = {Tamara G. Kolda and Brett W. Bader},
  title   = {Tensor Decompositions and Applications},
  journal = {SIAM Review},
  year    = {2009},
  volume  = {51},
  number  = {3},
  pages   = {455--500},
  month   = {September},
  doi     = {10.1137/07070111X},
  file    = {KB09.pdf:KB09.pdf:PDF},
  url     = {http://epubs.siam.org/doi/abs/10.1137/07070111X},
}

@misc{koldablog,
  author = {Tamara G. Kolda},
  title = {Sparse vs. Scarce},
  howpublished = {Available online},
  month   = nov,
  year    = {2017},
  note     = {\url{http://www.kolda.net/post/sparse-versus-scarce/}}
}

@inproceedings{KayaUcarSC15,
author = {Kaya, Oguz and U\c{c}ar, Bora},
title = {Scalable Sparse Tensor Decompositions in Distributed Memory Systems},
year = {2015},
isbn = {9781450337236},
publisher = {Association for Computing Machinery},
address = {New York, NY, USA},
url = {https://doi.org/10.1145/2807591.2807624},
doi = {10.1145/2807591.2807624},
booktitle = {Proceedings of the International Conference for High Performance Computing, Networking, Storage and Analysis},
articleno = {Article 77},
numpages = {11},
location = {Austin, Texas},
series = {SC '15}
}


@misc{Trilinos,
  author = {Michael A. Heroux and Karen Devine and Roger Pawlowski and Mauro Perego and Siva Rajamanickam and James Willenbring and many others},
  title = {Trilinos solver toolkit},
  howpublished = {Available online},
  month   = feb,
  year    = {1998},
  note     = {\url{https://github.com/trilinos/Trilinos}}
}

@misc{Tpetra,
  author = {Mark Hoemmen and Chris Siefert and Jonathan Hu and Brian Kelley and Tim Fuller and Karen Devine and Chris Baker and Mike Heroux and others},
  title = {Tpetra linear algebra classes},
  howpublished = {Available online},
  month   = apr,
  year    = {2012},
  note     = {\url{https://trilinos.github.io/tpetra.html}}
}

  
@Article{HB+05,
  author     = {Heroux, Michael A. and Bartlett, Roscoe A. and Howle, Vicki E. and Hoekstra, Robert J. and Hu, Jonathan J. and Kolda, Tamara G. and Lehoucq, Richard B. and Long, Kevin R. and Pawlowski, Roger P. and Phipps, Eric T. and Salinger, Andrew G. and Thornquist, Heidi K. and Tuminaro, Ray S. and Willenbring, James M. and Williams, Alan and Stanley, Kendall S.},
  title      = {An Overview of the {Trilinos} Project},
  journal    = {ACM Transactions on Mathematical Software},
  year       = {2005},
  volume     = {31},
  number     = {3},
  pages      = {397-423},
  month      = sep,
  address    = {New York, NY, USA},
  doi        = {10.1145/1089014.1089021},
  file       = {:HB+05.pdf:PDF},
  issn       = {0098-3500},
  issue_date = {September 2005},
  keywords   = {Software Quality Engineering, Software framework, interfaces},
  numpages   = {27},
  publisher  = {Association for Computing Machinery},
  url        = {https://doi.org/10.1145/1089014.1089021},
}

@Article{PK19,
  author  = {Phipps, Eric T. and Kolda, Tamara G.},
  title   = {Software for Sparse Tensor Decomposition on Emerging Computing Architectures},
  journal = {SIAM Journal on Scientific Computing},
  year    = {2019},
  volume  = {41},
  number  = {3},
  pages   = {C269-C290},
  doi     = {10.1137/18M1210691},
  file    = {:PK19.pdf:PDF},
  url     = {https://doi.org/10.1137/18M1210691},
}

@misc{GenTen,
  author  = {Phipps, Eric T. and Kolda, Tamara G.},
  title   = {{GenTen}:  Software for generalized canonical polyadic tensor decompositions},
  howpublished = {Available online},
  month   = jun,
  year    = {2017},
  note     = {\url{https://gitlab.com/tensors/genten/}}
}

@Article{CC70,
  author  = {Carroll, J. Douglas and Chang, Jih-Jie},
  title   = {Analysis of individual differences in multidimensional scaling via an n-way generalization of ``{Eckart-Young}'' decomposition},
  journal = {Psychometrika},
  year    = {1970},
  volume  = {35},
  number  = {3},
  pages   = {283--319},
  month   = {Sep},
  day     = {01},
  doi     = {10.1007/BF02310791},
  file    = {:CC70.pdf:PDF},
  issn    = {1860-0980},
  url     = {https://doi.org/10.1007/BF02310791},
}

@TechReport{KH19,
  author      = {Kolda, Tamara G. and Hong, David},
  title       = {Stochastic Gradients for Large-Scale Tensor Decomposition},
  institution = {arXiv},
  year        = {2019},
  number      = {1906.01687},
  file        = {KH19.pdf:KH19.pdf:PDF},
  url         = {https://arxiv.org/abs/1906.01687},
}

@Misc{FROSTT,
  author = {Smith, Shaden and Choi, Jee W. and Li, Jiajia and Vuduc, Richard and Park, Jongsoo and Liu, Xing and Karypis, George},
  title  = {{FROSTT}: The Formidable Repository of Open Sparse Tensors and Tools},
  year   = {2017},
  note    = {\url{http://frostt.io/}},
}

@Article{Harshman70,
  author  = {Richard A. Harshman},
  title   = {Foundations of the {PARAFAC} procedure: Models and conditions for an explanatory multimodal factor analysis},
  journal = {Working Papers in Phonetics},
  year    = {1970},
  volume  = {16},
  number  = {10,085},
  pages   = {1 -- 84},
  file    = {:Harshman70.pdf:PDF},
  url     = {http://www.psychology.uwo.ca/faculty/harshman/wpppfac0.pdf},
}

@article{HoKoDu20,  
  author = {David Hong and Tamara G. Kolda and Jed A. Duersch}, 
  title = {Generalized Canonical Polyadic Tensor Decomposition}, 
  journal = {SIAM Review}, 
  year = {2020},
  note = {in press},
  eprint = {1808.07452},
}

@techreport{HKD18,
  author      = {Hong, David and Kolda, Tamara G and Duersch, Jed A},
  title       = {Generalized canonical polyadic tensor decomposition},
  institution = {arXiv},
  year        = {2018},
  number      = {1808.07452},
  file        = {:HKD18.pdf:PDF},
  url         = {https://arxiv.org/abs/1808.07452},
}

@Article{ETS14,
  author     = {H. Carter Edwards and Christian R. Trott and Daniel Sunderland},
  title      = {Kokkos: Enabling manycore performance portability through polymorphic memory access patterns},
  journal    = {Journal of Parallel and Distributed Computing},
  year       = {2014},
  volume     = {74},
  number     = {12},
  pages      = {3202-3216},
  month      = dec,
  address    = {USA},
  doi        = {10.1016/j.jpdc.2014.07.003},
  file       = {:ETS14.pdf:PDF},
  issn       = {0743-7315},
  issue_date = {December 2014},
  numpages   = {15},
  publisher  = {Academic Press, Inc.},
  url        = {https://doi.org/10.1016/j.jpdc.2014.07.003},
}
@Misc{Kokkos,
  author     = {H. Carter Edwards and Christian R. Trott and Daniel Sunderland and others},
  title        = {Kokkos {C++} Performance Portability Programming EcoSystem},
  howpublished = {Available online},
  month        = apr,
  year         = {2015},
  note          = {\url{https://github.com/kokkos}}
}

@Misc{SPLATT,
  author    = {Shaden Smith and George Karypis and others},
  title        = {{SPLATT: The Surprisingly ParalleL spArse Tensor Toolkit}},
  howpublished = {Available online},
  month        = nov,
  year         = {2015},
  note          = {\url{https://github.com/ShadenSmith/splatt}}
}

@Misc{TensorToolbox,
  author       = {Brett W. Bader and Tamara G. Kolda and others},
  title        = {{MATLAB Tensor Toolbox} Version 3.0-dev},
  howpublished = {Available online},
  month        = oct,
  year         = {2017},
  note          = {\url{https://www.tensortoolbox.org}}
}

@Article{BH12,
  author     = {Baker, C. G. and Heroux, M. A.},
  title      = {Tpetra, and the Use of Generic Programming in Scientific Computing},
  journal    = {Scientific Programming},
  year       = {2012},
  volume     = {20},
  number     = {2},
  pages      = {115-128},
  month      = apr,
  doi        = {10.1155/2012/693861},
  file       = {:BH12.pdf:PDF},
  issue_date = {April 2012},
  numpages   = {14},
  publisher  = {IOS Press},
  url        = {https://doi.org/10.1155/2012/693861},
}

@TechReport{KB15,
  author      = {Diederik P. Kingma and Jimmy Ba},
  title       = {Adam: A Method for Stochastic Optimization},
  institution = {arXiv},
  year        = {2015},
  number      = {1412.6980},
  note        = {Published as a conference paper at ICLR 2015},
  file        = {:KB15.pdf:PDF},
  url         = {https://arxiv.org/abs/1412.6980},
}

@InProceedings{SK16,
  author    = {Shaden Smith and George Karypis},
  title     = {A Medium-Grained Algorithm for Distributed Sparse Tensor Factorization},
  booktitle = {IEEE 30th International Parallel and Distributed Processing Symposium},
  year      = {2016},
  pages     = {902--911},
  month     = {May},
  doi       = {10.1109/IPDPS.2016.113},
  file      = {SK16.pdf:SK16.pdf:PDF},
}

@article{TTB_Sparse,
  author = {Brett W. Bader and Tamara G. Kolda},
  title = {Efficient {MATLAB} computations with sparse and factored tensors},
  journal = {SIAM Journal on Scientific Computing},
  month = dec,
  year = {2007},
  volume = {30},
  number = {1},
  pages = {205-231},
  doi = {10.1137/060676489}
}
@Comment{jabref-meta: databaseType:bibtex;}
